@Misc{KrishnamoorthyMathWorks2015,
  author = {Aravindh Krishnamoorthy},
  month  = sep,
  title  = {{MathWorks FileExchange:} \texttt{invchol\_durbin(T)}},
  year   = {2015},
  url    = {http://de.mathworks.com/matlabcentral/fileexchange/52847-invchol-durbin-t-},
}

@Book{Golub2012,
  author    = {Golub, Gene H and Van Loan, Charles F},
  publisher = {JHU Press},
  title     = {Matrix {C}omputations},
  year      = {2012},
  volume    = {3},
}

@Article{Edelman2005,
  author    = {Edelman, Alan and Rao, N Raj},
  journal   = {Acta Numer.},
  title     = {Random matrix theory},
  year      = {2005},
  month     = apr,
  pages     = {233--297},
  volume    = {14},
  publisher = {Cambridge University Press},
}

@Article{Olver2010,
  author  = {Olver, Frank WJ and Lozier, DW and Boisvert, RF and Clark, CW},
  title   = {{NIST} digital library of mathematical functions},
  journal = {Release},
  year    = {2010},
  volume  = {1},
  pages   = {14},
  url     = {https://dlmf.nist.gov/.},
}

@Article{Zanella2009,
  author    = {Zanella, Alberto and Chiani, Marco and Win, Moe Z},
  title     = {On the marginal distribution of the eigenvalues of {W}ishart matrices},
  journal   = {IEEE Trans. Commun.},
  year      = {2009},
  volume    = {57},
  number    = {4},
  month     = apr,
  publisher = {IEEE},
}

@Article{Akemann2013,
  author    = {Akemann, Gernot and Ipsen, Jesper R and Kieburg, Mario},
  journal   = {Physical Review E},
  title     = {Products of rectangular random matrices: singular values and progressive scattering},
  year      = {2013},
  pages     = {052118},
  volume    = {88},
  publisher = {APS},
}

@Article{Ipsen2015,
  author        = {J. R. Ipsen},
  journal       = {arXiv preprint of {PhD} thesis, arXiv:1510.06128},
  title         = {Products of Independent Gaussian Random Matrices},
  year          = {2015},
  archiveprefix = {arXiv},
  primaryclass  = {math-ph},
}

@Comment{jabref-meta: databaseType:bibtex;}
